<?xml version="1.0" encoding="UTF-8"?><collection xmlns="http://www.loc.gov/MARC21/slim"><record><leader>00341nam--2200133-i-4500</leader><controlfield tag="001">000033755</controlfield><controlfield tag="002">20161230</controlfield><controlfield tag="005">20161230201039</controlfield><controlfield tag="008">060222s1000------------r-----000-0-eng-d</controlfield><datafield ind1=" " ind2=" " tag="080"><subfield code="a">530.162</subfield></datafield><datafield ind1=" " ind2=" " tag="100"><subfield code="a">Nelson,  Edward</subfield></datafield><datafield ind1=" " ind2=" " tag="245"><subfield code="a">Dynamical theories of brownian motion</subfield></datafield><datafield ind1=" " ind2=" " tag="260"><subfield code="a">Princeton, Princeton Univ.Press, 1967. 142p</subfield></datafield><datafield ind1=" " ind2=" " tag="852"><subfield code="a">77638</subfield></datafield></record></collection>